@misc{ehc-nandi,
    author = {Mridul Nandi},
    title = {On the Minimum Number of Multiplications Necessary for Universal Hash Constructions},
    howpublished = {Cryptology ePrint Archive, Report 2013/574},
    year = {2013},
    note = {\url{https://eprint.iacr.org/2013/574}},
}

@misc{9-7-erasure-code,
    author = {Emin Gabrielyan},
    title = {Erausre resulient (9,7)-code},
    howpublished = {\url{https://docs.switzernet.com/people/emin-gabrielyan/051101-erasure-9-7-resilient/}},
    note = {Accessed: 2020-11-26},
    year = 2005,
}

@article{carter-wegman-79,
    title = "Universal classes of hash functions",
    journal = "Journal of Computer and System Sciences",
    volume = "18",
    number = "2",
    pages = "143 - 154",
    year = "1979",
    issn = "0022-0000",
    doi = "https://doi.org/10.1016/0022-0000(79)90044-8",
    url = "http://www.sciencedirect.com/science/article/pii/0022000079900448",
    author = "J. Lawrence Carter and Mark N. Wegman",
    note = {\url{https://citeseerx.ist.psu.edu/viewdoc/summary?doi=10.1.1.465.1355}}
}

@inproceedings{umac,
  title={{UMAC}: Fast and secure message authentication},
  author={Black, John and Halevi, Shai and Krawczyk, Hugo and Krovetz, Ted and Rogaway, Phillip},
  booktitle={Annual International Cryptology Conference},
  pages={216--233},
  year={1999},
  organization={Springer},
  url = "https://link.springer.com/chapter/10.1007/3-540-48405-1_14",
  doi = "https://doi.org/10.1007/3-540-48405-1_14",
  note = {\url{https://web.cs.ucdavis.edu/~rogaway/papers/umac-full.pdf}}
}

@misc{badger,
    author = {Martin Boesgaard and Ove Scavenius and Thomas Pedersen and Thomas Christensen and Erik Zenner},
    title = {Badger - A Fast and Provably Secure {MAC}},
    howpublished = {Cryptology ePrint Archive, Report 2004/319},
    year = {2004},
    note = {\url{https://eprint.iacr.org/2004/319}},
}

@article{linear-hash-functions,
author = {Alon, Noga and Dietzfelbinger, Martin and Miltersen, Peter Bro and Petrank, Erez and Tardos, G\'{a}bor},
title = {Linear Hash Functions},
year = {1999},
issue_date = {Sept. 1999},
publisher = {Association for Computing Machinery},
address = {New York, NY, USA},
volume = {46},
number = {5},
issn = {0004-5411},
url = {https://doi.org/10.1145/324133.324179},
doi = {10.1145/324133.324179},
note = {Pre-print at \url{http://www.math.tau.ac.il/~nogaa/PDFS/linhash13.pdf},
technical report at \url{https://tidsskrift.dk/brics/article/view/1880}},
journal = {J. ACM},
month = sep,
pages = {667-683},
numpages = {17},
keywords = {universal hashing, hashing via linear maps}
}

@article{linear-transform-hashing,
   title={Linear Hashing},
   volume={4},
   url={https://tidsskrift.dk/brics/article/view/18808},
   DOI={10.7146/brics.v4i16.18808},
   number={16},
   journal={BRICS Report Series},
   author={Alon, Noga and Dietzfelbinger, Martin and Miltersen, Peter and Petrank, Erez and Tardos, GÃ¡bor},
   year={1997},
   month={Jan.}
}

@Inbook{hashing-without-primes-revisited,
author="Dietzfelbinger, Martin",
title="Universal Hashing via Integer Arithmetic Without Primes, Revisited",
bookTitle="Adventures Between Lower Bounds and Higher Altitudes: Essays Dedicated to Juraj Hromkovi{\v{c}} on the Occasion of His 60th Birthday",
year="2018",
publisher="Springer International Publishing",
pages="257--279",
isbn="978-3-319-98355-4",
doi="10.1007/978-3-319-98355-4_15",
url="https://doi.org/10.1007/978-3-319-98355-4_15",
note={\url{https://doi.org/10.1007/978-3-319-98355-4_15}},
}

@article{cuckoo-journal,
title = "Cuckoo hashing",
journal = "Journal of Algorithms",
volume = "51",
number = "2",
pages = "122 - 144",
year = "2004",
issn = "0196-6774",
doi = "https://doi.org/10.1016/j.jalgor.2003.12.002",
url = "http://www.sciencedirect.com/science/article/pii/S0196677403001925",
author = "Rasmus Pagh and Flemming Friche Rodler",
keywords = "Data structures, Dictionaries, Information retrieval, Searching, Hashing, Experiments",
note = {\url{https://www.itu.dk/people/pagh/papers/cuckoo-jour.pdf}}
}

@inproceedings{siphash,
  title={SipHash: a fast short-input {PRF}},
  author={Aumasson, Jean-Philippe and Bernstein, Daniel J},
  booktitle={International Conference on Cryptology in India},
  pages={489--508},
  year={2012},
  organization={Springer}
}

@article{clhash,
  author    = {Daniel Lemire and
               Owen Kaser},
  title     = {Faster 64-bit universal hashing using carry-less multiplications},
  journal   = {{CoRR}},
  volume    = {abs/1503.03465},
  year      = {2015},
  url       = {http://arxiv.org/abs/1503.03465},
  note = {\url{http://arxiv.org/abs/1503.03465}},
  archivePrefix = {arXiv},
  eprint    = {1503.03465},
}

@InProceedings{vmac,
author="Krovetz, Ted",
editor="Biham, Eli
and Youssef, Amr M.",
title="Message Authentication on 64-Bit Architectures",
booktitle="Selected Areas in Cryptography",
year="2007",
publisher="Springer Berlin Heidelberg",
address="Berlin, Heidelberg",
pages="327--341",
isbn="978-3-540-74462-7"
}

@misc{umash,
author = {Paul Khuong},
title = {{UMASH}: a fast and universal enough hash},
howpublished = {\url{https://engineering.backtrace.io/2020-08-24-umash-fast-enough-almost-universal-fingerprinting/}},
year = {2020},
}

@misc{xxh3,
author = {Yann Collet},
title = {Presenting {XXH3}},
howpublished = {\url{https://fastcompression.blogspot.com/2019/03/presenting-xxh3.html}},
year = {2019},
}

@article{tabulation,
  author    = {Mikkel Thorup},
  title     = {Fast and Powerful Hashing using Tabulation},
  journal   = {CoRR},
  volume    = {abs/1505.01523},
  year      = {2017},
  url       = {http://arxiv.org/abs/1505.01523},
  note       = {\url{http://arxiv.org/abs/1505.01523}},
  archivePrefix = {arXiv},
  eprint    = {1505.01523},
  timestamp = {Mon, 13 Aug 2018 16:48:49 +0200},
  biburl    = {https://dblp.org/rec/journals/corr/Thorup15a.bib},
  bibsource = {dblp computer science bibliography, https://dblp.org}
}

@inproceedings{woelfel-toeplitz,
title = {Efficient Strongly Universal and Optimally Universal Hashing},
author = {Philipp Woelfel},
doi = {10.1007/3-540-48340-3_24},
year = {1999},
date = {1999-01-01},
booktitle = {Mathematical Foundations of Computer Science 1999, 24th International Symposium},
volume = {1672},
number = {0},
pages = {262-272},
series = {LNCS},
keywords = {},
pubstate = {published},
tppubtype = {inproceedings},
note = {\url{https://pages.cpsc.ucalgary.ca/~woelfel/paper/efficient_strongly/efficient_strongly.pdf}}
}

@article{simple-hash-functions-work,
 author = {Chung, Kai-Min and Mitzenmacher, Michael and Vadhan, Salil},
 title = {Why Simple Hash Functions Work: Exploiting the Entropy in a Data Stream},
 year = {2013},
 pages = {897--945},
 doi = {10.4086/toc.2013.v009a030},
 publisher = {Theory of Computing},
 journal = {Theory of Computing},
 volume = {9},
 number = {30},
 URL = {http://www.theoryofcomputing.org/articles/v009a030},
}

@inbook{universe-collapse-linear-probing,
author = {Mikkel Thorup},
title = {String Hashing for Linear Probing},
booktitle = {Proceedings of the 2009 Annual ACM-SIAM Symposium on Discrete Algorithms},
chapter = {},
pages = {655-664},
doi = {10.1137/1.9781611973068.72},
URL = {https://epubs.siam.org/doi/abs/10.1137/1.9781611973068.72},
eprint = {https://epubs.siam.org/doi/pdf/10.1137/1.9781611973068.72}
}

@misc{i7-7800x,
url = "https://ark.intel.com/content/www/us/en/ark/products/123589/intel-core-i7-7800x-x-series-processor-8-25m-cache-up-to-4-00-ghz.html",
title = {{Intel\textregistered{} Core\texttrademark{} i7-7800X X-series Processor (8.25M Cache, up to 4.00 GHz) Product Specifications}},
year = {2017}
}

@misc{smhasher,
author = {Reini Urban et al.},
title = {SMhasher},
year = {2020},
publisher = {GitHub},
howpublished = {\url{https://github.com/rurban/smhasher}},
commit = {aea4c21044176f88f1f9e1a2a91a7c8a662254cf},
url = {https://github.com/rurban/smhasher}
}